<record><leader>00000cas a22000007a 4500</leader><controlfield tag="001">13025122</controlfield><controlfield tag="008">860115d18651960ohuwr ne      0    0eng d</controlfield><datafield ind1=" " ind2=" " tag="010"><subfield code="a">sn 86079021 </subfield></datafield><datafield ind1=" " ind2=" " tag="040"><subfield code="a">NPU</subfield><subfield code="b">eng</subfield><subfield code="c">NPU</subfield><subfield code="d">ONP</subfield><subfield code="d">NSD</subfield><subfield code="d">OCLCQ</subfield></datafield><datafield ind1=" " ind2=" " tag="042"><subfield code="a">msc</subfield></datafield><datafield ind1="0" ind2=" " tag="130"><subfield code="a">Henry County signal (Napoleon, Ohio : 1865)</subfield></datafield><datafield ind1="1" ind2="0" tag="245"><subfield code="a">Henry County signal.</subfield></datafield><datafield ind1=" " ind2=" " tag="260"><subfield code="a">Napoleon, Henry County, Ohio :</subfield><subfield code="b">P.B. Ainger,</subfield><subfield code="c">-1960.</subfield></datafield><datafield ind1=" " ind2=" " tag="300"><subfield code="a">v. :</subfield><subfield code="b">ill. (chiefly advertisements) ;</subfield><subfield code="c">72 cm.</subfield></datafield><datafield ind1=" " ind2=" " tag="310"><subfield code="a">Weekly</subfield></datafield><datafield ind1="1" ind2=" " tag="362"><subfield code="a">Began with Sept. 10, 1865 issue.</subfield><subfield code="z">Cf. Gutgesell, S. Guide to Ohio newspapers, 1974.</subfield></datafield><datafield ind1="0" ind2=" " tag="362"><subfield code="a">-96th year, no. 36 (Aug. 31, 1960).</subfield></datafield><datafield ind1=" " ind2=" " tag="500"><subfield code="a">"Official paper of the town."</subfield></datafield><datafield ind1=" " ind2=" " tag="500"><subfield code="a">Motto: "Let us have faith that right makes might, and in that faith let us to the end dare to do our duty as we understand it--Abraham Lincoln."</subfield></datafield><datafield ind1=" " ind2=" " tag="500"><subfield code="a">Published on Thursday.</subfield></datafield><datafield ind1=" " ind2=" " tag="580"><subfield code="a">Merged with: Northwest news (Napoleon, Ohio) to become Northwest-signal (Napoleon, Ohio).</subfield></datafield><datafield ind1=" " ind2=" " tag="588"><subfield code="a">Description based on: Vol. 5, no. 51 (Sept. 8, 1870).</subfield></datafield><datafield ind1=" " ind2=" " tag="752"><subfield code="a">United States</subfield><subfield code="b">Ohio</subfield><subfield code="c">Henry</subfield><subfield code="d">Napoleon.</subfield></datafield><datafield ind1="1" ind2="7" tag="785"><subfield code="t">Northwest news (Napoleon, Ohio)</subfield><subfield code="w">(DLC)sn 87076676</subfield></datafield><datafield ind1="1" ind2="7" tag="785"><subfield code="t">Northwest-signal (Napoleon, Ohio)</subfield><subfield code="x">1538-0602</subfield><subfield code="w">(DLC)sn 87076677</subfield></datafield><datafield ind1="1" ind2=" " tag="029"><subfield code="a">AU@</subfield><subfield code="b">000023276117</subfield></datafield></record>